@incollection{Tian16,
author = {Eurydice Kanimba and Zhiting Tian},
title = {Modeling of a Thermoelectric Generator Device},
booktitle = {Thermoelectrics for Power Generation},
publisher = {IntechOpen},
address = {Rijeka},
year = {2016},
editor = {Sergey Skipidarov and Mikhail Nikitin},
chapter = {18},
doi = {10.5772/65741},
url = {https://doi.org/10.5772/65741}
}