@INPROCEEDINGS{10209119,
  author={Sanin-Villa, Daniel and Henao-Bravo, Elkin and Villegas-Ceballos, Juan Pablo and Chejne, Farid},
  booktitle={2023 IEEE Latin American Electron Devices Conference (LAEDC)}, 
  title={Experimental Characterization of a Thermoelectric Generator System}, 
  year={2023},
  volume={},
  number={},
  pages={1-5},
  keywords={Temperature measurement;Performance evaluation;Power measurement;Temperature;Thermocouples;Generators;Behavioral sciences;TEG;experimental setup;TEM;operating curves},
  doi={10.1109/LAEDC58183.2023.10209119}}
